<?xml version="1.0" encoding="UTF-8"?><record xmlns="http://www.loc.gov/MARC21/slim" xmlns:cinclude="http://apache.org/cocoon/include/1.0" xmlns:zs="http://www.loc.gov/zing/srw/">
  <leader>00389nz  a2200133n  4500</leader>
  <controlfield tag="001">no 97040352 </controlfield>
  <controlfield tag="003">DLC</controlfield>
  <controlfield tag="005">19970708051540.0</controlfield>
  <controlfield tag="008">970707n| acannaab|          |n aaa     c</controlfield>
  <datafield tag="010" ind1=" " ind2=" ">
    <subfield code="a">no 97040352 </subfield>
  </datafield>
  <datafield tag="035" ind1=" " ind2=" ">
    <subfield code="a">(OCoLC)oca04379569 </subfield>
  </datafield>
  <datafield tag="040" ind1=" " ind2=" ">
    <subfield code="a">RPB-M</subfield>
    <subfield code="c">RPB-M</subfield>
  </datafield>
  <datafield tag="100" ind1="1" ind2="0">
    <subfield code="a">Scorer, Peter</subfield>
  </datafield>
  <datafield tag="670" ind1=" " ind2=" ">
    <subfield code="a">Rachmaninoff. S. The divine liturgy of St John Chrysostom [SR] p1994:</subfield>
    <subfield code="b">label (Peter Scorer, deacon)</subfield>
  </datafield>
</record>